<record><leader>00000cas a22000007a 4500</leader><controlfield tag="001">14757711</controlfield><controlfield tag="008">861117d18811896wiuwr ne      0    0eng d</controlfield><datafield ind1=" " ind2=" " tag="010"><subfield code="a">sn 86086788 </subfield></datafield><datafield ind1=" " ind2=" " tag="040"><subfield code="a">NPV</subfield><subfield code="b">eng</subfield><subfield code="c">NPV</subfield><subfield code="d">OCLCQ</subfield></datafield><datafield ind1=" " ind2=" " tag="042"><subfield code="a">msc</subfield></datafield><datafield ind1="0" ind2=" " tag="130"><subfield code="a">Monroe sun (Monroe, Wis. : 1881)</subfield></datafield><datafield ind1="1" ind2="4" tag="245"><subfield code="a">The Monroe sun.</subfield></datafield><datafield ind1=" " ind2=" " tag="260"><subfield code="a">Monroe, Green Co., Wis. :</subfield><subfield code="b">G.R. South,</subfield><subfield code="c">-1896.</subfield></datafield><datafield ind1=" " ind2=" " tag="300"><subfield code="a">v.</subfield></datafield><datafield ind1=" " ind2=" " tag="310"><subfield code="a">Weekly</subfield></datafield><datafield ind1="1" ind2=" " tag="362"><subfield code="a">Began with Nov. 4, 1881 issue.</subfield><subfield code="z">Cf. Oehlerts, d. E. Guide to Wis. newspapers.</subfield></datafield><datafield ind1="0" ind2=" " tag="362"><subfield code="a">-v. 15, no. 26 (July 18, 1896).</subfield></datafield><datafield ind1=" " ind2=" " tag="515"><subfield code="a">Volume and numbering vary.</subfield></datafield><datafield ind1=" " ind2=" " tag="588"><subfield code="a">Description based on: Old ser., vol. 6, no. 35 (Mar. 4, 1882) = New ser., v. 1, no. 15.</subfield></datafield><datafield ind1=" " ind2=" " tag="752"><subfield code="a">United States</subfield><subfield code="b">Wisconsin</subfield><subfield code="c">Green</subfield><subfield code="d">Monroe.</subfield></datafield><datafield ind1="0" ind2="7" tag="785"><subfield code="t">Gazette (Monroe, Wis.)</subfield><subfield code="w">(DLC)sn 86086751</subfield><subfield code="w">(OCoLC)14578739</subfield></datafield><datafield ind1="0" ind2="7" tag="785"><subfield code="t">Monroe sun-gazette</subfield><subfield code="w">(DLC)sn 86086789</subfield><subfield code="w">(OCoLC)14757789</subfield></datafield></record>